%%%% Data compression and file systems %%%%
@online{Solarwinds/filesizes,
  author       = {Solarwinds},
  title        = {New facts and figures about image format use on websites},
  year         = {December 2008},
  url          = {https://www.pingdom.com/blog/new-facts-and-figures-about-image-format-use-on-websites/},
  urldate      = {2020-05-14}
}

@online{filecatalyst/movesizes,
  author       = {John Tkaczewski},
  journal      = {filecatalyst},
  title        = {How Big Are Movie Files in 2022?},
  year         = {Januar 2020},
  url          = {https://www.filecatalyst.com/blog/how-big-are-movie-files/},
  urldate      = {2020-05-14}
}
@online{Wiki/dataCompression,
  author      = {Wikipedia},
  title        = {Data compression},
  url          = {https://en.wikipedia.org/wiki/Data_compression},
  urldate      = {2020-05-14}
}
%%%% LZ77 %%%%
@online{Towardsdatascience/LZ77,
  author       = {Dhanesh Budhrani},
  journal      = {Towards Data Science},
  title        = {How data compression works: exploring LZ77},
  year         = {September 2019},
  url          = {https://towardsdatascience.com/how-data-compression-works-exploring-lz77-3a2c2e06c097},
  urldate      = {2020-05-16}
}
@online{Wiki/LZ77,
  author      = {Wikipedia},
  title        = {LZ77 and LZ78},
  url          = {https://en.wikipedia.org/wiki/LZ77_and_LZ78},
  urldate      = {2020-05-16}
}
@online{yt/LZ77,
  author       = {SoftwareEngenius},
  journal      = {Youtube.com},
  title        = {Learn in 5 Minutes: LZ77 Compression Algorithms},
  url          = {https://www.youtube.com/watch?v=jVcTrBjI-eE&ab_channel=SoftwareEngenius},
  urldate      = {2020-05-21}
}
%%%% General CS theory %%%%
@online{Wiki/Pointer,
  author      = {Wikipedia},
  title        = {Pointer (computer programming)},
  url          = {https://en.wikipedia.org/wiki/Pointer_(computer_programming)},
  urldate      = {2020-05-16}
}